% Literature about Program Analysis, Symbolic Execution, Control Flow Graphs,...


% Software principles
@book{pragmaticprog,
	title = {The Pragmatic Programmer: From Journeyman to Master},
	author = {Hunt, Andy and Thomas, Dave},
	isbn = {9780132119177},
	url = {https://books.google.at/books?id=5wBQEp6ruIAC},
	year = {1999},
	publisher = {Pearson Education}
}

% Cryptography
@book{2009understanding_crypto,
	title={Understanding Cryptography: A Textbook for Students and Practitioners},
	author={Paar, Christof and Pelzl, Jan},
	isbn={9783642041013},
	lccn={2009940447},
	url={https://books.google.at/books?id=f24wFELSzkoC},
	year={2009},
	publisher={Springer Berlin Heidelberg}
}
@book{2015_schneier_secretsandlies,
	title = {Secrets and Lies: Digital Security in a Networked World},
	author = {Schneier, Bruce},
	isbn = {9781119092438},
	edition = {15th Anniversary Edition},
	year = {2015},
	publisher = {John Wiley \& Sons Inc}
}



% Intro - Introduction - Halting problem
@article{turing_halting_prob,
	author = {Turing, A. M.},
	title = {On Computable Numbers, with an Application to the Entscheidungsproblem},
	journal = {Proceedings of the London Mathematical Society},
	volume = {s2-42},
	number = {1},
	publisher = {Oxford University Press},
	issn = {1460-244X},
	url = {http://dx.doi.org/10.1112/plms/s2-42.1.230},
	doi = {10.1112/plms/s2-42.1.230},
	pages = {230--265},
	year = {1937}
}
@article{turing_halting_prob_correction,
	author = {Turing, A. M.},
	title = {On Computable Numbers, with an Application to the Entscheidungsproblem. A Correction},
	journal = {Proceedings of the London Mathematical Society},
	volume = {s2-43},
	number = {1},
	publisher = {Oxford University Press},
	issn = {1460-244X},
	url = {http://dx.doi.org/10.1112/plms/s2-43.6.544},
	doi = {10.1112/plms/s2-43.6.544},
	pages = {544--546},
	year = {1938}
}

@ARTICLE{shannon_theory_of_communication,
	author={Claude E. Shannon},
	journal={The Bell System Technical Journal},
	title={A Mathematical Theory of Communication},
	year={1948},
	volume={27},
	number={3},
	pages={379-423},
	doi={10.1002/j.1538-7305.1948.tb01338.x},
	ISSN={0005-8580},
	month={07}
}


% Compilers
@book{compilers_ptt_2nd,
	author = {Aho, Alfred V. and Lam, Monica S. and Sethi, Ravi and Ullman, Jeffrey D.},
	title = {Compilers: Principles, Techniques, and Tools (2nd Edition)},
	year = {2006},
	isbn = {0321486811},
	publisher = {Addison-Wesley Longman Publishing Co., Inc.},
	Edition = {2nd Edition}
}

